<record><leader>00000cas a22000007a 4500</leader><controlfield tag="001">12096706</controlfield><controlfield tag="008">850530u1865uuuualuwr ne      0    0eng d</controlfield><datafield ind1=" " ind2=" " tag="010"><subfield code="a">sn 85044685 </subfield></datafield><datafield ind1=" " ind2=" " tag="040"><subfield code="a">ALM</subfield><subfield code="b">eng</subfield><subfield code="c">ALM</subfield><subfield code="d">CPN</subfield><subfield code="d">OCLCQ</subfield></datafield><datafield ind1=" " ind2=" " tag="042"><subfield code="a">msc</subfield></datafield><datafield ind1="0" ind2="0" tag="245"><subfield code="a">Commercial and bank note reporter.</subfield></datafield><datafield ind1="1" ind2="3" tag="246"><subfield code="a">Southern bank note reporter</subfield></datafield><datafield ind1="1" ind2="3" tag="246"><subfield code="a">Commercial and southern bank note reporter</subfield></datafield><datafield ind1=" " ind2=" " tag="260"><subfield code="a">Mobile, Ala. :</subfield><subfield code="b">Russell &amp; Monteagle,</subfield><subfield code="c">1865-</subfield></datafield><datafield ind1=" " ind2=" " tag="300"><subfield code="a">v. :</subfield><subfield code="b">ill. ;</subfield><subfield code="c">53 cm.</subfield></datafield><datafield ind1=" " ind2=" " tag="310"><subfield code="a">Weekly</subfield></datafield><datafield ind1="1" ind2=" " tag="362"><subfield code="a">Began with Dec. 9, 1865.</subfield><subfield code="z">Cf. Commercial and bank note reporter.</subfield></datafield><datafield ind1=" " ind2=" " tag="500"><subfield code="a">Editor: J.H. Russell.</subfield></datafield><datafield ind1=" " ind2=" " tag="588"><subfield code="a">Description based on: Vol. 1, no. 12 (Feb. 24, 1866).</subfield></datafield><datafield ind1="1" ind2=" " tag="700"><subfield code="a">Russell, James Harry.</subfield></datafield><datafield ind1=" " ind2=" " tag="752"><subfield code="a">United States</subfield><subfield code="b">Alabama</subfield><subfield code="c">Mobile</subfield><subfield code="d">Mobile.</subfield></datafield><datafield ind1="1" ind2=" " tag="029"><subfield code="a">AU@</subfield><subfield code="b">000025828967</subfield></datafield></record>